@misc{riperis,
	author = "RIPE Network Coordination Centre",
	title = "{RIS} {Raw} {Data}",
	howpublished = {\url{https://www.ripe.net/analyse/internet-measurements/routing-information-service-ris/ris-raw-data}},
	note = {20 October 2016}
}

@misc{ripeart,
	author = {RIPE Network Coordination Centre},
	title = "Articles with {RIS} {Analysis}",
	howpublished = {\url{https://www.ripe.net/analyse/archived-projects/ris-tools-web-interfaces/articles-with-ris-analysis}},
	note = {20 October 2016}
}

@misc{caida,
	title = "{CAIDA}: {Center} for {Applied} {Internet} {Data} {Analysis}",
	howpublished = {\url{http://www.caida.org/home/}},
	note = {20 October 2016}
}

@misc{dynresearch,
	title = "{Dyn} {Research}",
	howpublished = {\url{http://research.dyn.com/}},
	note = {20 October 2016}
}

@misc{neo4j,
	title = "Neo4j: {The} {World's} {Leading} {Graph} {Database}",
	howpublished = {https://neo4j.com/},
	note = {20 October 2016}
}